<record><leader>00000cas a22000007a 4500</leader><controlfield tag="001">37609016</controlfield><controlfield tag="008">970912d197519uumeumr ne      0    0eng d</controlfield><datafield ind1=" " ind2=" " tag="010"><subfield code="a">sn 97062757 </subfield></datafield><datafield ind1=" " ind2=" " tag="040"><subfield code="a">MBN</subfield><subfield code="b">eng</subfield><subfield code="c">MBN</subfield><subfield code="d">OCLCQ</subfield><subfield code="d">OCLCF</subfield><subfield code="d">OCLCO</subfield></datafield><datafield ind1=" " ind2=" " tag="042"><subfield code="a">msc</subfield></datafield><datafield ind1=" " ind2=" " tag="043"><subfield code="a">n-us-me</subfield></datafield><datafield ind1="0" ind2=" " tag="130"><subfield code="a">Lebanon news (West Lebanon, Me.)</subfield></datafield><datafield ind1="1" ind2="0" tag="245"><subfield code="a">Lebanon news.</subfield></datafield><datafield ind1=" " ind2=" " tag="260"><subfield code="a">West Lebanon, Me. :</subfield><subfield code="b">Robert J. Diefendorf</subfield></datafield><datafield ind1=" " ind2=" " tag="300"><subfield code="a">v.</subfield></datafield><datafield ind1=" " ind2=" " tag="321"><subfield code="a">Monthly,</subfield><subfield code="b">Mar., 1975-Apr. 15, 1975</subfield></datafield><datafield ind1=" " ind2=" " tag="321"><subfield code="a">Bimonthly,</subfield><subfield code="b">Apr. 15, 1975-Aug. 29, 1975</subfield></datafield><datafield ind1="0" ind2=" " tag="362"><subfield code="a">Vol. 1, no. 1 (Mar., 1975)-</subfield></datafield><datafield ind1=" " ind2="0" tag="651"><subfield code="a">West Lebanon (Me.)</subfield><subfield code="v">Newspapers.</subfield></datafield><datafield ind1=" " ind2="7" tag="655"><subfield code="a">Newspapers.</subfield><subfield code="2">fast</subfield><subfield code="0">(OCoLC)fst01423814</subfield></datafield><datafield ind1=" " ind2="7" tag="651"><subfield code="a">Maine</subfield><subfield code="z">West Lebanon.</subfield><subfield code="2">fast</subfield><subfield code="0">(OCoLC)fst01306039</subfield></datafield><datafield ind1=" " ind2=" " tag="752"><subfield code="a">United States</subfield><subfield code="b">Maine</subfield><subfield code="c">York</subfield><subfield code="d">West Lebanon.</subfield></datafield></record>